@Book{Rybicka,
author = "Rybička, Jiří",
title = "{{\LaTeX}} pro začátečníky",
publisher = "Konvoj",
year = "2003",
edition = "3",
address = "Brno",
isbn = "80--7302--049--1",
}

@Book{Helmut,
author = "Kopka, Helmut and Daly, Patrick W.",
title = "A Guide to LATEX",
publisher = "Addison--Wesley",
year = "2003",
edition = "4",
address = "Boston",
isbn = "0--321--17385--6",
}

@BachelorThesis{2d/3d,
author = "Adam Rybák",
title = "Akcidenční typografie 2D/3D",
school = "VUT FFA Brno",
address = "Brno",
year = "2013",
}

@MasterThesis{Zivyfont,
author = "Milan Jiříček",
title = "Živý font",
school = "VUT FEKT Brno",
address = "Brno",
year = "2012",
}

@Misc{Spec,
author = "Martinek, David",
title = "{{\LaTeX}}ové speciality",
howpublished = "online",
revised = "Posledná zmena 25. února 2010",
cited = "!2014-04-14",
url = "http://www.fit.vutbr.cz/~martinek/latex/l",
}

@Misc{Tug,
author = "CsTug",
title = "Czechoslovak Tex User Group",
howpublished = "online",
revised = "Posledná zmena 3. novembra 2011",
cited = "!2014-04-14",
url = "http://www.cstug.cz/",
}

@Misc{Fekt,
author = "Sysel, Petr and Rajmic, Pavel",
title = "\LaTeX",
howpublished = "online",
revised = "Posledná zmena 10. októbra 2013",
cited = "!2014-04-14",
url = "http://latex.feec.vutbr.cz/",
}

@InProceedings{Typo,
publisher = {Digirama s.r.o.},
year = {1995- . Vychádza mesačne},
title = {\textit{Typografia}},
issn = "0322-9068",
address = "Praha",
}

@Article{Typob,
author = "Noga, Pavel",
title = "Stačí nám jen komunikace prostřednictvím
dvou prstů a omezeného rozměru displeje?",
journal = "Typografia",
year = "2013",
number = "1248",
volume = "116",
pages = "22--23",
issn = "0322-9068",
}

@Article{Typor,
author = "Böhmová, Jitka",
title = "Radana Lencová, autorka školního
psacího písma Comenia Script",
journal = "Typografia",
year = "2013",
number = "1249",
volume = "116",
pages = "15",
issn = "0322-9068",
}